<?xml version="1.0" encoding="UTF-8"?><collection xmlns="http://www.loc.gov/MARC21/slim"><record><leader>00667nam--2200181-i-4500</leader><controlfield tag="001">000007697</controlfield><controlfield tag="002">20161230</controlfield><controlfield tag="005">20161230201027</controlfield><controlfield tag="008">060222s1000------------r-----000-0-eng-d</controlfield><datafield ind1=" " ind2=" " tag="040"><subfield code="a">IFIN-HH</subfield></datafield><datafield ind1=" " ind2=" " tag="080"><subfield code="a">539.125.5.17</subfield></datafield><datafield ind1="1" ind2=" " tag="100"><subfield code="a">Mevergnies, M.Neve De /S.A.</subfield></datafield><datafield ind1="1" ind2="0" tag="245"><subfield code="a">Nuclear structure study wwith neutrons</subfield><subfield code="b">Proceedings of the international conference on the study of nuclear structure with neutrons antwerp, 19-23 july 1965</subfield><subfield code="c">M. neve de mevergnies, p. van assche, j. vervier (eds.)</subfield></datafield><datafield ind1=" " ind2=" " tag="260"><subfield code="a">Amsterdam</subfield><subfield code="b">North-holland Publishing Company</subfield><subfield code="c">1966</subfield></datafield><datafield ind1=" " ind2=" " tag="300"><subfield code="a">VIII+588P</subfield></datafield><datafield ind1="1" ind2=" " tag="700"><subfield code="a">Vervier, J</subfield><subfield code="e">Ed</subfield></datafield><datafield ind1=" " ind2=" " tag="852"><subfield code="a">24433</subfield><subfield code="c">539.14</subfield></datafield><datafield ind1=" " ind2=" " tag="CAT"><subfield code="a">Sys</subfield><subfield code="c">20120323</subfield><subfield code="h">135129</subfield></datafield></record></collection>